<?xml version="1.0" encoding="UTF-8"?>
<collection xmlns:xsi="http://www.w3.org/2001/XMLSchema-instance" xsi:schemaLocation="http://www.loc.gov/MARC21/slim http://www.loc.gov/standards/marcxml/schema/MARC21slim.xsd" xmlns="http://www.loc.gov/MARC21/slim">
<record>
  <leader>00625cam a22002052i 4500</leader>
  <controlfield tag="001">2601755</controlfield>
  <controlfield tag="003">NNC</controlfield>
  <controlfield tag="005">20150817132314.0</controlfield>
  <controlfield tag="008">000217m19571961sy                  ara d</controlfield>
  <datafield tag="035" ind1=" " ind2=" ">
    <subfield code="a">(OCoLC)44658999</subfield>
  </datafield>
  <datafield tag="035" ind1=" " ind2=" ">
    <subfield code="a">(OCoLC)ocm44658999</subfield>
  </datafield>
  <datafield tag="035" ind1=" " ind2=" ">
    <subfield code="9">AQU1338CU</subfield>
  </datafield>
  <datafield tag="035" ind1=" " ind2=" ">
    <subfield code="a">(NNC)2601755</subfield>
  </datafield>
  <datafield tag="040" ind1=" " ind2=" ">
    <subfield code="a">NNC</subfield>
    <subfield code="c">UPvMLC</subfield>
  </datafield>
  <datafield tag="090" ind1=" " ind2=" ">
    <subfield code="a">Z7052</subfield>
    <subfield code="b">.K35</subfield>
  </datafield>
  <datafield tag="100" ind1="1" ind2=" ">
    <subfield code="a">Kaḥḥālah, ʻUmar Riḍā.</subfield>
  </datafield>
  <datafield tag="245" ind1="1" ind2="0">
    <subfield code="a">Muʻjam al-muʾallifīn;</subfield>
    <subfield code="b">tarājim muṣannifī al-kutub al-ʻarabīyah, taʾlīf ʻUmar Riḍā Kaḥḥālah.</subfield>
  </datafield>
  <datafield tag="260" ind1=" " ind2=" ">
    <subfield code="a">Dimashq,</subfield>
    <subfield code="b">Maṭba ʻat al-Taraqqī,</subfield>
    <subfield code="c">1957-1961.</subfield>
  </datafield>
  <datafield tag="300" ind1=" " ind2=" ">
    <subfield code="a">15 v.</subfield>
  </datafield>
  <datafield tag="955" ind1=" " ind2=" ">
    <subfield code="b">0036762601</subfield>
    <subfield code="d">glx</subfield>
    <subfield code="e">Z7052 .K35</subfield>
    <subfield code="v">v.9</subfield>
  </datafield>
</record>
</collection>